@misc{Smallsemi,
	title        = {{Smallsemi},   {A library of small semigroups}, {V}ersion 0.7.2}, 
	author       = {Distler, A. and Mitchell, J.},
	year         = 2025,
	month        = {Feb},
	note         = {GAP package},
	howpublished = {\href{https://gap-packages.github.io/smallsemi/}},
	keywords     = {small semigroups; data library; multiplication tables},
	printedkey   = {DM25}
}

@manual{GAP4,
    organization = "The GAP~Group",
    title        = "{GAP -- Groups, Algorithms, and Programming,
                    Version 4.14.0}",
    year         = 2024,
    url          = "\url{https://www.gap-system.org}",
}

@article{BESCHE2002,
  title = {A MILLENNIUM PROJECT: CONSTRUCTING SMALL GROUPS},
  volume = {12},
  ISSN = {1793-6500},
  url = {http://dx.doi.org/10.1142/S0218196702001115},
  DOI = {10.1142/s0218196702001115},
  number = {05},
  journal = {International Journal of Algebra and Computation},
  publisher = {World Scientific Pub Co Pte Lt},
  author = {BESCHE,  HANS ULRICH and EICK,  BETTINA and O’BRIEN,  E. A.},
  year = {2002},
  month = oct,
  pages = {623–644}
}

@article{Fine1993,
  title = {Classification of Finite Rings of Order $p^2$},
  volume = {66},
  ISSN = {0025-570X},
  url = {http://dx.doi.org/10.2307/2690742},
  DOI = {10.2307/2690742},
  number = {4},
  journal = {Mathematics Magazine},
  publisher = {Informa UK Limited},
  author = {Fine,  Benjamin},
  year = {1993},
  month = oct,
  pages = {248}
}

@article{Kruse1970,
  title = {Enumerating Finite Rings},
  volume = {s2-2},
  ISSN = {0024-6107},
  url = {http://dx.doi.org/10.1112/jlms/s2-2.1.149},
  DOI = {10.1112/jlms/s2-2.1.149},
  number = {1},
  journal = {Journal of the London Mathematical Society},
  publisher = {Wiley},
  author = {Kruse,  Robert L. and Price,  David T.},
  year = {1970},
  month = jan,
  pages = {149–159}
}

@article{Blackburn2022,
  title = {The enumeration of finite rings},
  volume = {106},
  ISSN = {1469-7750},
  url = {http://dx.doi.org/10.1112/jlms.12661},
  DOI = {10.1112/jlms.12661},
  number = {4},
  journal = {Journal of the London Mathematical Society},
  publisher = {Wiley},
  author = {Blackburn,  Simon R. and McLean,  K. Robin},
  year = {2022},
  month = jul,
  pages = {3240–3262}
}

@misc{SONATA,
	title = {{SONATA}, System of nearrings and their applications,                       {V}ersion 2.9.6},
	author       = {Aichinger, E. and Binder, F. and Ecker, J. and Mayr, P. and N{\"o}bauer, C.},
	year         = 2022,
	month        = {Dec},
	note         = {Refereed GAP package},
	howpublished = {\href {https://gap-packages.github.io/sonata/}},
	keywords     = {nearring; endomorphism; Frobenius group; fixed point free automorphism},
	printedkey   = {ABEMN22}
}

@misc{A305858, 
  title = {The number of near-rings with $n$ elements, Entry A305858 in The
  On-Line Encyclopedia of Integer Sequences},
  author = {OEIS Foundation Inc. (2025)}, 
	howpublished = {\href{https://oeis.org/A305858}},
}

@misc{A027623, 
  title = {The number of rings with $n$ elements, Entry A027623 in The
  On-Line Encyclopedia of Integer Sequences},
  author = {OEIS Foundation Inc. (2025)}, 
	howpublished = {\href{https://oeis.org/A027623}},
}
